@article{berardini2015arabidopsis,
  title={{The Arabidopsis information resource: making and mining the “gold standard” annotated reference plant genome}},
  author={Berardini, Tanya Z and Reiser, Leonore and Li, Donghui and Mezheritsky, Yarik and Muller, Robert and Strait, Emily and Huala, Eva},
  journal={genesis},
  volume={53},
  number={8},
  pages={474--485},
  year={2015},
  publisher={Wiley Online Library}
}

@article{bailey2018dominant,
  title={{Dominant integration locus drives continuous diversification of plant immune receptors with exogenous domain fusions}},
  author={Bailey, Paul C and Schudoma, Christian and Jackson, William and Baggs, Erin and Dagdas, Gulay and Haerty, Wilfried and Moscou, Matthew and Krasileva, Ksenia V},
  journal={Genome biology},
  volume={19},
  number={1},
  pages={1--18},
  year={2018},
  publisher={BioMed Central}
}

@article{jumper2021highly,
  title={{Highly accurate protein structure prediction with AlphaFold}},
  author={Jumper, John and Evans, Richard and Pritzel, Alexander and Green, Tim and Figurnov, Michael and Ronneberger, Olaf and Tunyasuvunakool, Kathryn and Bates, Russ and {\v{Z}}{\'\i}dek, Augustin and Potapenko, Anna and others},
  journal={Nature},
  volume={596},
  number={7873},
  pages={583--589},
  year={2021},
  publisher={Nature Publishing Group UK London}
}

@article{finn2011hmmer,
  title={{HMMER web server: interactive sequence similarity searching}},
  author={Finn, Robert D and Clements, Jody and Eddy, Sean R},
  journal={Nucleic acids research},
  volume={39},
  number={suppl\_2},
  pages={W29--W37},
  year={2011},
  publisher={Oxford University Press}
}

@inproceedings{tralie2018topological,
  title={{Topological eulerian synthesis of slow motion periodic videos}},
  author={Tralie, Christopher J and Berger, Matthew},
  booktitle={{2018 25th IEEE international conference on image processing (ICIP)}},
  pages={3573--3577},
  year={2018},
  organization={IEEE}
}

@article{moosmuller2021periodicity,
  title={{Periodicity scoring of time series encodes dynamical behavior of the tumor suppressor p53}},
  author={Moosm{\"u}ller, Caroline and Tralie, Christopher J and Kooshkbaghi, Mahdi and Belkhatir, Zehor and Pouryahya, Maryam and Reyes, Jos{\'e} and Deasy, Joseph O and Tannenbaum, Allen R and Kevrekidis, Ioannis G},
  journal={IFAC-PapersOnLine},
  volume={54},
  number={9},
  pages={488--495},
  year={2021},
  publisher={Elsevier}
}

@article{park2015control,
  title={{Control of repeat-protein curvature by computational protein design}},
  author={Park, Keunwan and Shen, Betty W and Parmeggiani, Fabio and Huang, Po-Ssu and Stoddard, Barry L and Baker, David},
  journal={Nature structural \& molecular biology},
  volume={22},
  number={2},
  pages={167--174},
  year={2015},
  publisher={Nature Publishing Group US New York}
}

@article{martin2020lrrpredictor,
  title={{LRRpredictor—a new LRR motif detection method for irregular motifs of plant NLR proteins using an ensemble of classifiers}},
  author={Martin, Eliza C and Sukarta, Octavina CA and Spiridon, Laurentiu and Grigore, Laurentiu G and Constantinescu, Vlad and Tacutu, Robi and Goverse, Aska and Petrescu, Andrei-Jose},
  journal={Genes},
  volume={11},
  number={3},
  pages={286},
  year={2020},
  publisher={MDPI}
}

@article{ma2020direct,
  title={{Direct pathogen-induced assembly of an NLR immune receptor complex to form a holoenzyme}},
  author={Ma, Shoucai and Lapin, Dmitry and Liu, LI and Sun, Yue and Song, Wen and Zhang, Xiaoxiao and Logemann, Elke and Yu, Dongli and Wang, Jia and Jirschitzka, Jan and others},
  journal={Science},
  volume={370},
  number={6521},
  pages={eabe3069},
  year={2020},
  publisher={American Association for the Advancement of Science}
}

@article{tamborski2020evolution,
  title={{Evolution of plant NLRs: from natural history to precise modifications}},
  author={Tamborski, Janina and Krasileva, Ksenia V},
  journal={Annual review of plant biology},
  volume={71},
  pages={355--378},
  year={2020},
  publisher={Annual Reviews}
}

@article{prigozhin2021analysis,
  title={{Analysis of intraspecies diversity reveals a subset of highly variable plant immune receptors and predicts their binding sites}},
  author={Prigozhin, Daniil M and Krasileva, Ksenia V},
  journal={The Plant Cell},
  volume={33},
  number={4},
  pages={998--1015},
  year={2021},
  publisher={Oxford University Press}
}


@article{barragan2021plant,
  title={{Plant NLR diversity: the known unknowns of pan-NLRomes}},
  author={Barragan, A Cristina and Weigel, Detlef},
  journal={The Plant Cell},
  volume={33},
  number={4},
  pages={814--831},
  year={2021},
  publisher={Oxford University Press}
}

@article{padmanabhan2009leucine,
  title={{The leucine-rich repeat domain in plant innate immunity: a wealth of possibilities}},
  author={Padmanabhan, Meenu and Cournoyer, Patrick and Dinesh-Kumar, SP},
  journal={Cellular microbiology},
  volume={11},
  number={2},
  pages={191--198},
  year={2009},
  publisher={Wiley Online Library}
}

@article{ng2011leucine,
  title={{Leucine-rich repeat (LRR) proteins: integrators of pattern recognition and signaling in immunity}},
  author={Ng, Aylwin and Xavier, Ramnik J},
  journal={Autophagy},
  volume={7},
  number={9},
  pages={1082--1084},
  year={2011},
  publisher={Taylor \& Francis}
}
@article{saucet2021integrity,
  title={{Integrity of the post-LRR domain is required for TIR-NB-LRR function}},
  author={Saucet, Simon B and Esmenjaud, Daniel and Van Ghelder, Cyril},
  journal={Molecular Plant-Microbe Interactions},
  volume={34},
  number={3},
  pages={286--296},
  year={2021},
  publisher={Am Phytopath Society}
}

@article{bateman2010dufs,
  title={{DUFs: families in search of function}},
  author={Bateman, Alex and Coggill, Penny and Finn, Robert D},
  journal={Acta Crystallographica Section F: Structural Biology and Crystallization Communications},
  volume={66},
  number={10},
  pages={1148--1152},
  year={2010},
  publisher={International Union of Crystallography}
}

%% Added by Chris
@article{wahba1965least,
  title={{A least squares estimate of satellite attitude}},
  author={Wahba, Grace},
  journal={SIAM review},
  volume={7},
  number={3},
  pages={409--409},
  year={1965},
  publisher={SIAM}
}

@article{kabsch1976solution,
  title={{A solution for the best rotation to relate two sets of vectors}},
  author={Kabsch, Wolfgang},
  journal={Acta Crystallographica Section A: Crystal Physics, Diffraction, Theoretical and General Crystallography},
  volume={32},
  number={5},
  pages={922--923},
  year={1976},
  publisher={International Union of Crystallography}
}

@article{jones2016intracellular,
  title={{Intracellular innate immune surveillance devices in plants and animals}},
  author={Jones, Jonathan DG and Vance, Russell E and Dangl, Jeffery L},
  journal={Science},
  volume={354},
  number={6316},
  pages={aaf6395},
  year={2016},
  publisher={American Association for the Advancement of Science}
}

@article{jang2021leucine,
  title={{The leucine-rich repeat signaling scaffolds Shoc2 and Erbin: cellular mechanism and role in disease}},
  author={Jang, HyeIn and Stevens, Payton and Gao, Tianyan and Galperin, Emilia},
  journal={The FEBS journal},
  volume={288},
  number={3},
  pages={721--739},
  year={2021},
  publisher={Wiley Online Library}
}

@article{blum2021interpro,
  title={{The InterPro protein families and domains database: 20 years on}},
  author={Blum, Matthias and Chang, Hsin-Yu and Chuguransky, Sara and Grego, Tiago and Kandasaamy, Swaathi and Mitchell, Alex and Nuka, Gift and Paysan-Lafosse, Typhaine and Qureshi, Matloob and Raj, Shriya and others},
  journal={Nucleic acids research},
  volume={49},
  number={D1},
  pages={D344--D354},
  year={2021},
  publisher={Oxford University Press}
}

@article{berman2000protein,
  title={{The protein data bank}},
  author={Berman, Helen M and Westbrook, John and Feng, Zukang and Gilliland, Gary and Bhat, Talapady N and Weissig, Helge and Shindyalov, Ilya N and Bourne, Philip E},
  journal={Nucleic acids research},
  volume={28},
  number={1},
  pages={235--242},
  year={2000},
  publisher={Oxford University Press}
}

@article{steuernagel2020nlr,
  title={{The NLR-annotator tool enables annotation of the intracellular immune receptor repertoire}},
  author={Steuernagel, Burkhard and Witek, Kamil and Krattinger, Simon G and Ramirez-Gonzalez, Ricardo H and Schoonbeek, Henk-jan and Yu, Guotai and Baggs, Erin and Witek, Agnieszka I and Yadav, Inderjit and Krasileva, Ksenia V and others},
  journal={Plant Physiology},
  volume={183},
  number={2},
  pages={468--482},
  year={2020},
  publisher={American Society of Plant Biologists}
}

@article{tang2022topological,
  title={A topological data analytic approach for discovering biophysical signatures in protein dynamics},
  author={Tang, Wai Shing and da Silva, Gabriel Monteiro and Kirveslahti, Henry and Skeens, Erin and Feng, Bibo and Sudijono, Timothy and Yang, Kevin K and Mukherjee, Sayan and Rubenstein, Brenda and Crawford, Lorin},
  journal={PLoS computational biology},
  volume={18},
  number={5},
  pages={e1010045},
  year={2022},
  publisher={Public Library of Science San Francisco, CA USA}
}

@article{cang2017topologynet,
  title={TopologyNet: Topology based deep convolutional and multi-task neural networks for biomolecular property predictions},
  author={Cang, Zixuan and Wei, Guo-Wei},
  journal={PLoS computational biology},
  volume={13},
  number={7},
  pages={e1005690},
  year={2017},
  publisher={Public Library of Science San Francisco, CA USA}
}

@book{chung1997spectral,
  title={Spectral graph theory},
  author={Chung, Fan RK},
  volume={92},
  year={1997},
  publisher={American Mathematical Soc.}
}

@book{godsil2001algebraic,
  title={Algebraic graph theory},
  author={Godsil, Chris and Royle, Gordon F},
  volume={207},
  year={2001},
  publisher={Springer Science \& Business Media}
}

@article{averbuch2015ringit,
  title={Ringit: Ring-ordering casual photos of a temporal event},
  author={Averbuch-Elor, Hadar and Cohen-Or, Daniel},
  journal={ACM Transactions on Graphics (TOG)},
  volume={34},
  number={3},
  pages={1--11},
  year={2015},
  publisher={ACM New York, NY, USA}
}


@article{vejdemo2015cohomological,
  title={Cohomological learning of periodic motion},
  author={Vejdemo-Johansson, Mikael and Pokorny, Florian T and Skraba, Primoz and Kragic, Danica},
  journal={Applicable algebra in engineering, communication and computing},
  volume={26},
  number={1},
  pages={5--26},
  year={2015},
  publisher={Springer}
}

@article{rybakken2019decoding,
  title={Decoding of Neural Data Using Cohomological Feature Extraction},
  author={Rybakken, Erik and Baas, Nils and Dunn, Benjamin},
  journal={Neural Computation},
  volume={31},
  pages={68--93},
  year={2019}
}

@inproceedings{de2009persistent,
  title={Persistent cohomology and circular coordinates},
  author={De Silva, Vin and Vejdemo-Johansson, Mikael},
  booktitle={Proceedings of the twenty-fifth annual symposium on Computational geometry},
  pages={227--236},
  year={2009}
}


@inproceedings{perea2020sparse,
  title={Sparse circular coordinates via principal $\mathbb Z$-bundles},
  author={Perea, Jose A},
  booktitle={Topological Data Analysis: The Abel Symposium 2018},
  pages={435--458},
  year={2020},
  organization={Springer}
}

@article{varadi2024alphafold,
  title={AlphaFold Protein Structure Database in 2024: providing structure coverage for over 214 million protein sequences},
  author={Varadi, Mihaly and Bertoni, Damian and Magana, Paulyna and Paramval, Urmila and Pidruchna, Ivanna and Radhakrishnan, Malarvizhi and Tsenkov, Maxim and Nair, Sreenath and Mirdita, Milot and Yeo, Jingi and others},
  journal={Nucleic Acids Research},
  volume={52},
  number={D1},
  pages={D368--D375},
  year={2024},
  publisher={Oxford University Press}
}
@article{mokhtarian1992theory,
  title={A theory of multiscale, curvature-based shape representation for planar curves},
  author={Mokhtarian, Farzin and Mackworth, Alan K},
  journal={IEEE transactions on pattern analysis and machine intelligence},
  volume={14},
  number={8},
  pages={789--805},
  year={1992}
}
